
@InProceedings{endert2007towards,
 author       = {Holger Endert and Benjamin Hirsch and Tobias K\"uster and Sahin Albayrak},
 title        = {Towards a Mapping from {BPMN} to Agents},
 booktitle    = {Service-Oriented Computing: Agents, Semantics, and Engineering (SOCASE)},
 year         = {2007},
 editor       = {Jingshan Huang and Ryszard Kowalczyk and Zakaria Maamar and David Martin and Ingo M\"uller and Suzette Stoutenburg and Katia P. Sycara},
 volume       = {4505},
 series       = {LNCS},
 pages        = {92--106},
 publisher    = {Springer Berlin / Heidelberg},
}

@InProceedings{endert2007mapping,
 author       = {Holger Endert and Tobias K\"uster and Benjamin Hirsch and Sahin Albayrak},
 title        = {Mapping {BPMN} to Agents: An Analysis},
 booktitle    = {Agents, Web-Services, and Ontologies Integrated Methodologies (AWESOME)},
 year         = {2007},
 editor       = {Matteo Baldoni and Cristina Baroglio and Viviana Mascardi},
 pages        = {43--58},
}

@MastersThesis{kuester2007dipl,
 author       = {Tobias K\"uster},
 title        = {Development of a Visual Service Design Tool Providing a Mapping from {BPMN} to {JIAC}},
 school       = {Technische Universit\"at Berlin},
 year         = {2007},
 type         = {Diploma Thesis},
 month        = {April},
}

@InProceedings{kuester2008vsdt,
 author       = {Tobias K\"uster and Axel He{\ss}ler},
 title        = {Towards Transformations from {BPMN} to Heterogeneous Systems},
 booktitle    = {Business Process Management Workshops},
 year         = {2008},
 editor       = {Danilo Ardagna and Massima Mecella and Jian Yang},
 month        = {September},
 address      = {Milano, Italy},
 series       = {LNBIP},
 volume       = {17},
 publisher    = {Springer}
}

@Article{kuester2012integrating,
 author       = {Tobias K\"uster and Marco L\"utzenberger and Axel He{\ss}ler and Benjamin Hirsch},
 title        = {Integrating Process Modelling into Multi-Agent System Engineering},
 journal      = {Multiagent and Grid Systems},
 year         = {2012},
 volume       = {8},
 pages        = {105--124},
 number       = {1},
 month        = {January},
}

@InCollection{hirsch2009jiacv,
 author       = {Benjamin Hirsch and Thomas Konnerth and Axel He{\ss}ler},
 title        = {Merging Agents and Services -- the {JIAC} Agent Platform},
 booktitle    = {Multi-Agent Programming: Languages, Tools and Applications},
 publisher    = {Springer},
 year         = {2009},
 editor       = {Bordini, Rafael H. and Dastani, Mehdi and Dix, J\"urgen and El Fallah Seghrouchni, Amal},
 pages        = {159--185},
 crossref     = {bordini2009masProg}
}

@Book{bordini2009masProg,
 title        = {Multi-Agent Programming: Languages, Tools and Applications},
 publisher    = {Springer},
 year         = {2009},
 author       = {Rafael H. Bordini and Mehdi Dastani and J\"urgen Dix and Amal El Fallah Seghrouchni},
}

@TechReport{omg2011bpmn2,
  Title                    = {Business Process Model and Notation ({BPMN}) Version 2.0},
  Author                   = {{OMG}},
  Institution              = {{Object Management Group}},
  Year                     = {2011},
  Month                    = {August},
  Number                   = {formal/2011-01-03},
  Type                     = {Specification}
}

@TechReport{white2004introduction,
  Title                    = {Introduction to {BPMN}},
  Author                   = {Stephen A. White},
  Institution              = {BP Trends},
  Year                     = {2004},
  Month                    = {May},
  Note                     = {\url{http://www.bptrends.com/publicationfiles/07-04 WP Intro to BPMN - White.pdf}}
}


@InProceedings{gschwind2008applying,
 author       = {Thomas Gschwind and Jana Koehler and Janette Wong},
 title        = {Applying Patterns during Business Process Modeling},
 booktitle    = {BPM '08: Proceedings of the 6th International Conference on Business Process Management},
 year         = {2008},
 pages        = {4--19},
 address      = {Berlin, Heidelberg},
 publisher    = {Springer-Verlag},
}

@InProceedings{lutzenberger2009unifying,
 author       = {Marco L\"utzenberger and Tobias K\"uster and Axel He{\ss}ler and Benjamin Hirsch},
 title        = {Unifying {JIAC} Agent Development with {AWE}},
 booktitle    = {Proceedings of the 7th German Conference on Multiagent System Technologies (MATES)},
 year         = {2009},
 publisher    = {Springer},
 note         = {Hamburg, Germany}
}

@InProceedings{hirsch2010programming,
 author       = {Benjamin Hirsch and Thomas Konnerth and Michael Burkhardt and Sahin Albayrak},
 title        = {Programming Service Oriented Agents},
 booktitle    = {Service-Oriented Architecture and (Multi-)Agent Systems Technology},
 year         = {2010},
 editor       = {Monique Calisti and Frank P. Dignum and Ryszard Kowalczyk and Frank Leymann and Rainer Unland},
 number       = {10021},
 series       = {Dagstuhl Seminar Proceedings},
 address      = {Dagstuhl, Germany},
 publisher    = {Schloss Dagstuhl -- Leibniz-Zentrum f\"ur Informatik, Germany},
}

@InProceedings{lutzenberger2013jiacShort,
 author = {Marco L\"{u}tzenberger and Tobias K{\"u}ster and Thomas Konnerth and Alexander Thiele and Nils Masuch and Axel He\ss{}ler and Michael Burkhardt and Jakob Tonn and Silvan Kaiser and Jan Keiser and Sahin Albayrak},
 title = {JIAC~V -- A MAS Framework for Industrial Applications (Extended Abstract)},
 booktitle = {Proc. of 12th Int. Conf. on Autonomous Agents and Multiagent Systems (AAMAS 2013), Saint Paul, MN, USA},
 year = {2013},
 editor = {Takayuki Ito and Catholjin Jonker and Maria Gini and Onn Shehory},
}

@InProceedings{kuester2014agentbeans,
  Title                    = {Towards Process-Oriented Modelling and Creation of Multi-Agent Systems},
  Author                   = {Tobias K\"uster and Axel He{\ss}ler and Sahin Albayrak},
  Booktitle                = {LNAI post-proceedings of 2nd Int. Workshop on Engineering Multi-Agent Systems},
  Year                     = {2014},
  Editor                   = {F. Dalpaiz and J. Dix and B. van Riemsdijk},
  Pages                    = {163--180},
  Publisher                = {Springer},
  Series                   = {LNAI},
  Volume                   = {8758}
}
@InProceedings{kuester2015overview,
  Title                    = {An Overview of a Mapping from {BPMN} to Agents (Extended Abstract)},
  Author                   = {Tobias K\"uster and Marco L\"utzenberger},
  Booktitle                = {Proc. of 14th Int. Conf. on Autonomous Agents and Multiagent Systems (AAMAS 2015)},
  Year                     = {2015},

  Address                  = {Istanbul, Turkey},
  Editor                   = {Bordini and Elkind and Weiss and Yolum},
  Month                    = {May 4--8},
  Pages                    = {1783--1784}
}
@InProceedings{kuester2015formal,
  Title                    = {A Formal Description of a Mapping from Business Processes to Agents},
  Author                   = {Tobias K\"uster and Marco L\"utzenberger and Sahin Albayrak},
  Booktitle                = {Engineering Multi-Agent Systems Third International Workshop, EMAS 2015, Revised Selected Papers},
  Year                     = {2015},
  Editor                   = {Matteo Baldoni and Luciano Baresi and Mehdi Dastani}
}
@Article{kuester2016ijaose,
  Title                    = {Process-Oriented Modelling, Creation, and Interpretation of Multi-Agent Systems},
  Author                   = {Tobias K\"uster and Axel He{\ss}ler and Sahin Albayrak},
  Journal                  = {Int. J. Agent-Oriented Software Engineering},
  Year                     = {2016},
  Number                   = {2/3},
  Pages                    = {108--133},
  Volume                   = {5},
}
