%%%%%%%%%%%%%%%%%%%%%%%%%%%%%%%%%%%%%%%%%%%%%%%%%%%%%%%%%%%%%%%%%%%%%%%%%%%%%%%%
%%                                                                            %%
%%  EIGENE / DAI-INTERNE PAPERS                                               %%
%%                                                                            %%
%%%%%%%%%%%%%%%%%%%%%%%%%%%%%%%%%%%%%%%%%%%%%%%%%%%%%%%%%%%%%%%%%%%%%%%%%%%%%%%%

%%  MAPPING  %%%%%%%%%%%%%%%%%%%%%%%%%%%%%%%%%%%%%%%%%%%%%%%%%%%%%%%%%%%%%%%%%%%

@InProceedings{endert2007towards,
  author = {Holger Endert and Benjamin Hirsch and Tobias K{\"u}ster and Sahin Albayrak},
  title = {Towards a Mapping from {BPMN} to Agents},
  booktitle = {Service-Oriented Computing: Agents, Semantics, and Engineering (SOCASE)},
  year = {2007},
  editor = {Jingshan Huang and Ryszard Kowalczyk and Zakaria Maamar and David Martin and Ingo M\"uller and Suzette Stoutenburg and Katia P. Sycara},
  volume = {4505},
  series = {LNCS},
  pages = {92--106},
  publisher = {Springer Berlin / Heidelberg},
}

@InProceedings{endert2007mapping,
  author = {Holger Endert and Tobias K{\"u}ster and Benjamin Hirsch and Sahin Albayrak},
  title = {Mapping {BPMN} to Agents: An Analysis},
  booktitle = {Agents, Web-Services, and Ontologies Integrated Methodologies (AWESOME)},
  year = {2007},
  editor = {Matteo Baldoni and Cristina Baroglio and Viviana Mascardi},
  pages = {43--58},
}

@MastersThesis{kuester2007dipl,
  author = {Tobias K{\"u}ster},
  title = {Development of a Visual Service Design Tool Providing a Mapping from {BPMN} to {JIAC}},
  school = {Technische Universit\"at Berlin},
  year = {2007},
  type = {Diplomarbeit},
  month = {April},
}

@InProceedings{kuester2010integrating,
  author = {Tobias K{\"u}ster and Marco L{\"u}tzenberger and Axel He{\ss}ler and Benjamin Hirsch},
  title = {Integrating Process Modelling into Multi-Agent System Engineering},
  booktitle = {Proceedings of the 5th Workshop of Service-Oriented Computing: Agents, Semantics, and Engineering (SOCASE)},
  year = {2010},
  editor = {Michael Huhns and Ryszard Kowalczyk and Zakaria Maamar and Rainer Unland and Bao Vo},
}

% TODO
@MastersThesis{tan2011dipl,
  author = {Petrus Setiawan Tan},
  title = {Automated Generation of {JIAC} AgentBeans from {BPMN} Diagrams},
  school = {Technische Universit\"at Berlin},
  year = {2011},
  type = {Diplomarbeit},
  month = {November},
}

%%  TOOLS  %%%%%%%%%%%%%%%%%%%%%%%%%%%%%%%%%%%%%%%%%%%%%%%%%%%%%%%%%%%%%%%%%%%%%

@InProceedings{kuester2008vsdt,
  author = {Tobias K{\"u}ster and Axel He{\ss}ler},
  title = {Towards Transformations from {BPMN} to Heterogeneous Systems},
  booktitle = {Business Process Management Workshops},
  year = {2008},
  editor = {Danilo Ardagna and Massima Mecella and Jian Yang},
  month = {September},
  address = {Milano, Italy},
  series = {LNBIP},
  volume = 17,
  publisher = {Springer}
}

@Article{burkhardt2009toolipse2,
  author = {Michael Burkhardt and Marco L{\"u}tzenberger and Nils Masuch},
  title = {Towards Toolipse 2. Tool Support for the Next Generation Agent Framework},
  journal = {Computing and Information Systems Journal},
  year = {2009},
  volume = {13},
  pages = {21--28},
  number = {3},
  month = {October},
}

@InProceedings{lutzenberger2009unifying,
  author = {Marco L{\"u}tzenberger and Tobias K{\"u}ster and Axel He{\ss}ler and Benjamin Hirsch},
  title = {Unifying {JIAC} Agent Development with {AWE}},
  booktitle = {Proceedings of the 7th German Conference on Multiagent System Technologies (MATES)},
  year = {2009},
  publisher = {Springer},
  note = {Hamburg, Germany}
}

@Manual{vsdtManual,
  title = {The Visual Service Design Tool, Version 1.4.0},
  author = {Tobias K{\"u}ster},
  organization = {DAI-Labor, TU Berlin},
  month = {July},
  year = {2011},
  note = {\url{http://www.jiac.de}}
}

@InProceedings{hessler2011agentstore,
  author = {Axel He{\ss}ler and Benjamin Hirsch and Tobias K{\"u}ster and Sahin Albayrak},
  title = {AgentStore -- A Pragmatic Approach to Agent Reuse},
  booktitle = {12th International Workshop on Agent-Oriented Software Engineering (AOSE 2011)},
  year = {2011},
}

%%  JIAC V  %%%%%%%%%%%%%%%%%%%%%%%%%%%%%%%%%%%%%%%%%%%%%%%%%%%%%%%%%%%%%%%%%%%%

@InCollection{hirsch2009jiacv,
  author = {Benjamin Hirsch and Thomas Konnerth and Axel He{\ss}ler},
  title = {Merging Agents and Services -- the {JIAC} Agent Platform},
  booktitle = {Multi-Agent Programming: Languages, Tools and Applications},
  publisher = {Springer},
  year = {2009},
  editor = {Bordini, Rafael H. and Dastani, Mehdi and Dix, J{\"u}rgen and El Fallah Seghrouchni, Amal},
  pages = {159--185},
  crossref = {bordini2009masProg}
}

@InProceedings{hirsch2010programming,
  author = {Benjamin Hirsch and Thomas Konnerth and Michael Burkhardt and Sahin Albayrak},
  title = {Programming Service Oriented Agents},
  booktitle = {Service-Oriented Architecture and (Multi-)Agent Systems Technology},
  year = {2010},
  editor = {Monique Calisti and Frank P. Dignum and Ryszard Kowalczyk and Frank Leymann and Rainer Unland},
  number = {10021},
  series = {Dagstuhl Seminar Proceedings},
  address = {Dagstuhl, Germany},
  publisher = {Schloss Dagstuhl -- Leibniz-Zentrum fuer Informatik, Germany},
}

@Manual{jiacManual,
  title = {JIAC -- Java Intelligent Agent Componentware, Version 5.1.0},
  author = {{JIAC Development Team}},
  organization = {DAI-Labor, TU Berlin},
  month = {July},
  year = {2010},
  note = {\url{http://www.jiac.de}}
}

%%  JIAC IV  %%%%%%%%%%%%%%%%%%%%%%%%%%%%%%%%%%%%%%%%%%%%%%%%%%%%%%%%%%%%%%%%%%%

@InProceedings{sesseler2002jiacIV,
  author = {Ralf Sesseler and Sahin Albayrak},
  title = {{JIAC IV} -- An Open, Scalable Agent Architecture for Telecommunications Applications},
  booktitle = {Proceedings of the 1st International NAISO Congress on Autonomous Intelligent Systems (ICAIS)},
  year = {2002},
  publisher = {ICSC Interdisciplinary Research},
}

@PhdThesis{sesseler2002phd,
  author = {Ralf Sesseler},
  title = {{Eine modulare Architektur f\"ur dienstbasierte Interaktionen zwischen Agenten}},
  school = {Technische Universit\"at Berlin},
  year = {2002},
}


%%%%%%%%%%%%%%%%%%%%%%%%%%%%%%%%%%%%%%%%%%%%%%%%%%%%%%%%%%%%%%%%%%%%%%%%%%%%%%%%
%%                                                                            %%
%%  EINLEITUNG, MOTIVATION                                                    %%
%%                                                                            %%
%%%%%%%%%%%%%%%%%%%%%%%%%%%%%%%%%%%%%%%%%%%%%%%%%%%%%%%%%%%%%%%%%%%%%%%%%%%%%%%%

@Article{schmidt2006mde,
  author = {Douglas C. Schmidt},
  title = {Guest Editor's Introduction: Model-Driven Engineering},
  journal = {IEEE Computer},
  volume = {39},
  year = {2006},
  month = {February},
  pages = {25--31},
  note = {IEEE Computer Society, Los Alamitos, CA, USA},
}

@Book{erl2005soa,
  author = {Thomas Erl},
  title = {Service-Oriented Architecture: Concepts, Technology, and Design},
  publisher = {Prentice Hall},
  year = {2005},
  series = {The Prentice Hall Service-Oriented Computing Series from Thomas Erl},
  address = {Indiana, USA},
  month = {August},
}

@InProceedings{paolucci2002semantic,
  author = {Massimo Paolucci and Takahiro Kawmura and Terry R. Payne and Katia Sycara},
  title = {Semantic Matching of Web Services Capabilities},
  booktitle = {The Semantic Web -- ISWC 2002: First International Semantic Web Conference},
  year = {2002},
  month = {June},
  editor = {I. Horrocks and J. Hendler},
  volume = {2342},
  series = {LNCS},
}

@InCollection{klusch2008semWsDesc,
  author = {Matthias Klusch},
  title = {Semantic Web Service Description},
  booktitle = {CASCOM: Intelligent Service Coordination in the Semantic Web},
  publisher = {Birkh\"{a}user Basel},
  year = {2008},
  editor = {Monique Calisti and Marius Walliser and Stefan Brantschen and
	Marc Herbstritt and Michael Schumacher and Helko Schuldt and Helin Helkki},
  pages = {31--57},
  crossref = {calisti2008cascom},
}

ï»¿@InCollection {klusch2008semWsCoord,
  author = {Matthias Klusch},
  title = {Semantic Web Service Coordination},
  booktitle = {CASCOM: Intelligent Service Coordination in the Semantic Web},
  publisher = {Birkh\"{a}user Basel},
  year = {2008},
  editor = {Monique Calisti and Marius Walliser and Stefan Brantschen and
	Marc Herbstritt and Michael Schumacher and Helko Schuldt and Helin Helkki},
  pages = {59--104},
  crossref = {calisti2008cascom},
}

@Book{calisti2008cascom,
  title = {CASCOM: Intelligent Service Coordination in the Semantic Web},
  author = {Monique Calisti and Marius Walliser and Stefan Brantschen and Marc Herbstritt and Michael Schumacher and Helko Schuldt and Helin Helkki},
  publisher = {Birkh\"{a}user Basel},
  year = {2008},
}


%%%%%%%%%%%%%%%%%%%%%%%%%%%%%%%%%%%%%%%%%%%%%%%%%%%%%%%%%%%%%%%%%%%%%%%%%%%%%%%%
%%                                                                            %%
%%  AGENTEN                                                                   %%
%%                                                                            %%
%%%%%%%%%%%%%%%%%%%%%%%%%%%%%%%%%%%%%%%%%%%%%%%%%%%%%%%%%%%%%%%%%%%%%%%%%%%%%%%%

@Article{jennings1998roadmap,
  author = {Nicholas R. Jennings and Katia Sycara and Michael Wooldridge},
  title = {A Roadmap of Agent Research and Development},
  journal = {Autonomous Agents and Multi-Agent Systems},
  year = {1998},
  volume = {1},
  pages = {275--306},
  note = {Kluwer Academic Puublishers},
}

@Book{luck2005agent,
  title = {Agent Technology: Computing as Interaction (A Roadmap for Agent Based Computing)},
  publisher = {AgentLink},
  year = {2005},
  author = {Michael Luck and Peter McBurney and Onn Shehory and Steve Willmott},
}


%%%%%%%%%%%%%%%%%%%%%%%%%%%%%%%%%%%%%%%%%%%%%%%%%%%%%%%%%%%%%%%%%%%%%%%%%%%%%%%%
%%  Grundlagen                                                                %%
%%%%%%%%%%%%%%%%%%%%%%%%%%%%%%%%%%%%%%%%%%%%%%%%%%%%%%%%%%%%%%%%%%%%%%%%%%%%%%%%

@Book{russel2003aima,
  title = {Artificial Intelligence: A Modern Approach},
  publisher = {Prentice Hall},
  year = {2003},
  author = {Stuart Russel and Peter Norvig},
  edition = {2nd},
}

@Article{wooldridge1995intelligent,
  author = {Michael Wooldridge and Nicholas R. Jennings},
  title = {Intelligent Agents: Theory and Practice},
  journal = {Knowledge Engineering Review},
  year = {1995},
  volume = {10},
  pages = {115--152},
  number = {2},
}

@InProceedings{franklin1997taxonomy,
  author = {Stan Franklin and Art Graesser},
  title = {Is it an Agent, or Just a Program?: A Taxonomy for Autonomous Agents},
  booktitle = {ECAI '96: Proceedings of the Workshop on Intelligent Agents III, Agent Theories, Architectures, and Languages},
  year = {1997},
  pages = {21--35},
  address = {London, UK},
  publisher = {Springer-Verlag},
}

@Article{jennings2000aose,
  author = {Nicholas R. Jennings},
  title = {On agent-based software engineering},
  journal = {Artificial Intelligence},
  year = {2000},
  volume = {177},
  pages = {277--296},
  number = {2},
}

@Book{bratman1987bdi,
  title = {Intentions, Plans, and Practical Reason},
  publisher = {Havard University Press},
  year = {1987},
  author = {Michael E. Bratman},
  address = {Cambridge, MA},
}


%%%%%%%%%%%%%%%%%%%%%%%%%%%%%%%%%%%%%%%%%%%%%%%%%%%%%%%%%%%%%%%%%%%%%%%%%%%%%%%%
%%  Multiagenten-Systeme                                                      %%
%%%%%%%%%%%%%%%%%%%%%%%%%%%%%%%%%%%%%%%%%%%%%%%%%%%%%%%%%%%%%%%%%%%%%%%%%%%%%%%%

@Article{hepp2008ontologies,
  author = {Martin Hepp},
  title = {Ontologies: State of the Art, Business Potential, and Grand Challenges},
  journal = {Ontology Management},
  year = {2008},
  volume = {I},
  pages = {3--22},
}

@Article{chandrasekaran1999ontologies,
  author = {B. Chandrasekaran and John R. Josephson and V. Richard Benjamins},
  title = {Ontologies: What are they? Why do we need them?},
  journal = {{IEEE} Intelligent Systems and Their Applications},
  year = {1999},
  volume = {14},
  pages = {20--26},
  number = {1},
  note = {Special Issue on Ontologies},
}

@InProceedings{cohen1985speechacts,
  author = {Philip R. Cohen and Hector J. Levesque},
  title = {Speech Acts and Rationality},
  booktitle = {Proceedings of the 23rd Meeting of the Association for Computational Linguistics},
  year = {1985},
  editor = {William Mann},
  pages = {49--59},
  address = {Morristown, New Jersey},
  publisher = {Association for Computational Linguistics},
}

@Article{smith1980contractnet,
  author = {Reid G. Smith},
  title = {The Contract Net Protocol: High-level Communication and Control in a Distributed Problem Solver},
  journal = {IEEE Transactions on Computers},
  year = {1980},
  volume = {C-29},
  pages = {1104--1114},
  number = {12},
  month = {Dec},
}

@Article{gelernter1985generative,
  author = {David Gelernter},
  title = {Generative Communication in {Linda}},
  journal = {ACM Transactions on Programming Languages and Systems},
  year = {1985},
  volume = {7},
  pages = {80--112},
  number = {1},
}

%%%%%%%%%%%%%%%%%%%%%%%%%%%%%%%%%%%%%%%%%%%%%%%%%%%%%%%%%%%%%%%%%%%%%%%%%%%%%%%%
%%  Modelle und Frameworks                                                    %%
%%%%%%%%%%%%%%%%%%%%%%%%%%%%%%%%%%%%%%%%%%%%%%%%%%%%%%%%%%%%%%%%%%%%%%%%%%%%%%%%
% Papers zu JIAC stehen unter 'Eigene und DAI-Interne Papers'

@Book{bordini2005masProg,
  title = {Multi-Agent Programming. Languages, Platforms and Applications},
  publisher = {Springer},
  year = {2005},
  author = {Rafael H. Bordini and Mehdi Dastani and J\"urgen Dix and Amal El Fallah Seghrouchni},
  series = {Multiagent Systems, Artificial Societies, and Simulated Organizations},
}

@Article{bordini2006survey,
  author = {Rafael H. Bordini and Lars Braubach and Mehdi Dastani and Amal El Fallah Seghrouchni and Jorge J. Gomez-Sanz and Jo{\~{a}}o Leite and Gregory O'Hare and Alexander Pokahr and Alessandro Ricci},
  title = {A Survey of Programming Languages and Platforms for Multi-Agent Systems},
  journal = {Informatica},
  year = {2006},
  volume = {30},
  pages = {33--44},
}

@Book{bordini2009masProg,
  title = {Multi-Agent Programming: Languages, Tools and Applications},
  publisher = {Springer},
  year = {2009},
  author = {Rafael H. Bordini and Mehdi Dastani and J\"urgen Dix and Amal El Fallah Seghrouchni},
}

@InProceedings{dastani2011progmas,
  title = {Programming Multi-Agent Systems},
  author = {Mehdi Dastani},
  booktitle = {12th International Workshop on Agent-Oriented Software Engineering (AOSE 2011)},
  address = {Taipei, Taiwan},
  year = {2011},
  month = {May},
  pages = {23--52}
}

%%  JADE und Jadex  %%%%%%%%%%%%%%%%%%%%%%%%%%%%%%%%%%%%%%%%%%%%%%%%%%%%%%%%%%%%

@TechReport{bellifemine1999jade,
  author = {Fabio Bellifemine and Agostino Poggi and Giovanni Rimassa},
  title = {{JADE} -- A {FIPA}-compliant agent framework},
  institution = {Telecom Italia},
  year = {1999},
  type = {Internal Technical Report},
  note = {Part of this report has been also published in Proceedings of PAAM'99, London, April 1999, pp.97-108.},
}

@InCollection{pokahr2005jadex,
  title = {Jadex: A {BDI} Reasoning Engine},
  pages = {149--174},
  publisher = {Springer},
  year = {2005},
  editor = {R. Bordini and M. Dastani and J. Dix and A. Seghrouchni},
  author = {Alexander Pokahr and Lars Braubach and Winfried Lamersdorf},
  booktitle = {Multi-Agent Programming},
  crossref = {bordini2005masprog}
}

%%  Jason und AgentSpeak  %%%%%%%%%%%%%%%%%%%%%%%%%%%%%%%%%%%%%%%%%%%%%%%%%%%%%%

@InCollection{bordini2005jason,
  title = {Jason and the Golden Fleece of Agent-Oriented Programming},
  author = {Rafael H. Bordini and Jomi Fred H\"ubner and Renate Vieira},
  booktitle = {Multi-Agent Programming},
  publisher = {Springer},
  editor = {R. Bordini and M. Dastani and J. Dix and A. Seghrouchni},
  year = {2005},
  pages = {3--37},
  crossref = {bordini2005masprog}
}

@InProceedings{rao1996agentspeak,
  author = {Anand S. Rao},
  title = {{AgentSpeak(L)}: {BDI} Agents Speak Out in a Logical Computable Language},
  booktitle = {Agents Breaking Away, 7th European Workshop on Modelling Autonomous Agents in a Multi-Agent World, {MAAMAW}'96,},
  year = {1996},
  editor = {Rudy van Hoe},
  volume = {1038},
  series = {Lecture Notes in Computer Science},
  pages = {42--55},
  address = {Eindhoven, The Netherlands},
  month = {January},
  publisher = {Springer-Verlag},
}

%%  JACK  %%%%%%%%%%%%%%%%%%%%%%%%%%%%%%%%%%%%%%%%%%%%%%%%%%%%%%%%%%%%%%%%%%%%%%

@TechReport{busetta1999jack,
  author = {Paolo Busetta and Ralph R{\"o}nnquist and Andrew Hodgson and Andrew Lucas},
  title = {{JACK} -- Components for Intelligent Agents in {Java}},
  institution = {Agent Oriented Software Pty, Ltd.},
  year = {1999},
}

@InProceedings{busetta2000jack,
  author = {Paolo Busetta and Nicholas Howden and Ralph R{\"o}nnquist and Andrew Hodgson},
  title = {Structuring {BDI} Agents in Functional Clusters},
  booktitle = {6th International Workshop on Intelligent Agents VI, Agent Theories, Architectures, and Languages (ATAL)},
  year = {2000},
  pages = {277--289},
  publisher = {Springer-Verlag},
  address = {London, UK},
} 


%%%%%%%%%%%%%%%%%%%%%%%%%%%%%%%%%%%%%%%%%%%%%%%%%%%%%%%%%%%%%%%%%%%%%%%%%%%%%%%%
%%                                                                            %%
%%  PROZESSE                                                                  %%
%%                                                                            %%
%%%%%%%%%%%%%%%%%%%%%%%%%%%%%%%%%%%%%%%%%%%%%%%%%%%%%%%%%%%%%%%%%%%%%%%%%%%%%%%%

@TechReport{garretson2005boeing,
  author = {Pamela Garretson and Paul Harmon},
  title = {How {Boeing A\&T} Manages Business Processes},
  institution = {BPTrends},
  year = {2005},
  type = {Whitepaper},
  month = {November},
}

@Book{smith2003thirdwave,
  author = {Howard Smith and Peter Fingar},
  title = {Business Process Management: The Third Wave},
  publisher = {Meghan-Kiffer Press},
  year = {2003},
}

@InProceedings{woodley2005bpm-soa,
  author = {Thomas Woodley and Stephane Gagnon},
  title = {{BPM} and {SOA}: Synergies and Challenges},
  booktitle = {Web Information Systems Engineering -- WISE 2005},
  editor = {Anne H. H. Ngu and Masaru Kitsuregawa and Erich J. Neuhold and Jen-Yao Chung and Quan Z. Sheng},
  pages = {679--688},
  publisher = {Springer},
  series = {Lecture Notes in Computer Science},
  volume = 3806,
  year = 2005,
}

@Article{recker2008bpmnmodeling,
  author = {Jan C. Recker},
  title = {{BPMN} Modeling -- Who, Where, How and Why},
  journal = {BPTrends},
  year = {2008},
  month = {March},
  volume = {5},
  number = {3},
  pages = {1--8},
}


%%%%%%%%%%%%%%%%%%%%%%%%%%%%%%%%%%%%%%%%%%%%%%%%%%%%%%%%%%%%%%%%%%%%%%%%%%%%%%%%
%%  Validierung / Strukturierung                                              %%
%%%%%%%%%%%%%%%%%%%%%%%%%%%%%%%%%%%%%%%%%%%%%%%%%%%%%%%%%%%%%%%%%%%%%%%%%%%%%%%%

@InProceedings{Kiepuszewski2000structured,
  author = {Bartek Kiepuszewski and Arthur H. M. ter Hofstede and Christoph Bussler},
  title = {On Structured Workflow Modelling},
  booktitle = {CAiSE '00: Proceedings of the 12th International Conference on Advanced Information Systems Engineering},
  year = {2000},
  pages = {431--445},
  address = {London, UK},
  publisher = {Springer-Verlag},
}

@Article{aalst1998application,
  author = {Wil M. P. van der Aalst},
  title = {The Application of Petri Nets to Workflow Management},
  journal = {The Journal of Circuits, Systems and Computers},
  year = {1998},
  volume = {8},
  pages = {21--66},
  number = {1},
}

@InProceedings{liu2005Analysis,
  author = {Rong Liu and Akhil Kumar},
  title = {An Analysis and Taxonomy of Unstructured Workflows},
  booktitle = {Business Process Management},
  year = {2005},
  editor = {Wil M. P. van der Aalst and Boualem Benatallah and Fabio Casati and Francisco Curbera},
  volume = {3649},
  pages = {268--284},
}

@InProceedings{sadiq1999applying,
  author = {Wasim Sadiq and Maria E. Orlowska},
  title = {Applying Graph Reduction Techniques for Identifying Structural Conflicts in Process Models},
  booktitle = {CAiSE '99: Proceedings of the 11th International Conference on Advanced Information Systems Engineering},
  year = {1999},
  pages = {195--209},
  address = {London, UK},
  publisher = {Springer-Verlag},
}

@Article{sadiq2000analyzing,
  author = {Wasim Sadiq and Maria E. Orlowska},
  title = {Analyzing Process Models Using Graph Reduction Techniques},
  journal = {Information Systems},
  year = {2000},
  volume = {25},
  pages = {117--134},
  number = {2},
  note = {Elsevier Science Ltd., Oxford, UK, UK},
}

@InProceedings{lin2002novel,
  author = {Hao Lin and Zhibiao Zhao and Hongchen Li and Zhiguo Chen},
  title = {A Novel Graph Reduction Algorithm to Identify Structural Conflicts},
  booktitle = {HICSS '02: Proceedings of the 35th Annual Hawaii International Conference on System Sciences (HICSS'02)},
  year = {2002},
  pages = {289--298},
  address = {Washington, DC, USA},
  publisher = {IEEE Computer Society},
}

@InProceedings{gschwind2008applying,
  author = {Thomas Gschwind and Jana Koehler and Janette Wong},
  title = {Applying Patterns during Business Process Modeling},
  booktitle = {BPM '08: Proceedings of the 6th International Conference on Business Process Management},
  year = {2008},
  pages = {4--19},
  address = {Berlin, Heidelberg},
  publisher = {Springer-Verlag},
}


%%%%%%%%%%%%%%%%%%%%%%%%%%%%%%%%%%%%%%%%%%%%%%%%%%%%%%%%%%%%%%%%%%%%%%%%%%%%%%%%
%%  Strukturierung / Transformation                                           %%
%%%%%%%%%%%%%%%%%%%%%%%%%%%%%%%%%%%%%%%%%%%%%%%%%%%%%%%%%%%%%%%%%%%%%%%%%%%%%%%%

@Misc{mendling2005transformation,
  author = {Jan Mendling and Kristian Bisgaard Lassen and Uwe Zdun},
  title = {Transformation Strategies between Blockoriented and Graph-Oriented Process Modelling Languages},
  year = {2005},
}

@TechReport{white2005using,
  author = {Stephen A. White},
  title = {Using {BPMN} to Model a {BPEL} Process},
  institution = {IBM Corporation},
  year = {2005},
  month = {March},
  note = {\url{http://www.bpmn.org/Documents/Mapping\%20BPMN\%20to\%20BPEL\%20Example.pdf}},
}

@Article{aalst2008translating,
  author = {Wil M. P. van der Aalst and Kristian Bisgaard Lassen},
  title = {Translating unstructured workflow processes to readable {BPEL}: Theory and implementation},
  journal = {Information Software Technology},
  year = {2008},
  volume = {50},
  pages = {131--159},
  number = {3},
  note = {Butterworth-Heinemann, Newton, MA, USA},
}

@InProceedings{ouyang2006translating_standard,
  author = {Chun Ouyang and Marlon Dumas and Stephan Breutel and Arthur H. M. ter Hofstede},
  title = {Translating Standard Process Models to {BPEL}},
  booktitle = {CAiSE},
  year = {2006},
  editor = {Eric Dubois and Klaus Pohl},
  volume = {4001},
  series = {Lecture Notes in Computer Science},
  pages = {417--432},
  publisher = {Springer},
}

@Article{ouyang2009business,
  author = {Chun Ouyang and Marlon Dumas and Wil M. P. van der Aalst and Arthur H. M. ter Hofstede and Jan Mendling},
  title = {From Business Process Models to Process-Oriented Software Systems},
  journal = {ACM Transactions on Software Engineering and Methodology},
  year = {2009},
  volume = {19},
  pages = {1--37},
  number = {1},
  month = {August},
  note = {New York, NY, USA},
}

@InProceedings{koehler2004untangling,
  author = {Jana Koehler and Rainer Hauser},
  title = {Untangling Unstructured Cyclic Flows -- A Solution Based on Continuations},
  booktitle = {{CooplIS}/{DOA}/{ODBASE} 2004},
  year = {2004},
  editor = {R. Meesman and Z. Tari},
  volume = {3290},
  series = {LNCS},
  pages = {121--138},
  publisher = {Springer-Verlag},
  note = {IBM Zurich Research Laboratory},
}

@InProceedings{biermann2006emt,
  author = {Enrico Biermann and Karsten Ehrig and Christian K\"ohler and G\"unter Kuhns and Gabriele Taentzer and Eduard Weiss},
  title = {Graphical Definition of In-Place Transformations in the Eclipse Modeling Framework},
  booktitle = {Proc. 9th International Conference on Model Driven Engineering Languages
	and Systems (MoDELS'06)},
  year = {2006},
  address = {Genova, Italy},
  month = {October},
}

%%%%%%%%%%%%%%%%%%%%%%%%%%%%%%%%%%%%%%%%%%%%%%%%%%%%%%%%%%%%%%%%%%%%%%%%%%%%%%%%
%%  Notationen                                                                %%
%%%%%%%%%%%%%%%%%%%%%%%%%%%%%%%%%%%%%%%%%%%%%%%%%%%%%%%%%%%%%%%%%%%%%%%%%%%%%%%%

%%  BPMN  %%%%%%%%%%%%%%%%%%%%%%%%%%%%%%%%%%%%%%%%%%%%%%%%%%%%%%%%%%%%%%%%%%%%%%

@TechReport{white2004introduction,
  author = {Stephen A. White},
  title = {Introduction to {BPMN}},
  institution = {IBM Corporation},
  year = {2004},
  month = {May},
  note = {\url{http://bpmn.org/Documents/Introduction\%20to\%20BPMN.pdf}},
}

@Misc{dijkman2008formal,
  author = {Remco M. Dijkman and Marlon Dumas and Chun Ouyang},
  title = {Formal Semantics and Analysis of {BPMN} Process Models using {Petri} Nets},
  year = {2008},
}

@InProceedings{raedts2007transformation,
  author = {Ivo Raedts and Marija Petkovic and Yaroslav S. Usenko and Jan Martijn E. M. van der Werf and Jan Friso Groote and Lou J. Somers},
  title = {Transformation of {BPMN} Models for Behaviour Analysis},
  booktitle = {MSVVEIS},
  year = {2007},
  editor = {Juan Carlos Augusto and Joseph Barjis and Ulrich Ultes-Nitsche},
  pages = {126--137},
  publisher = {INSTICC PRESS},
}

@InProceedings{wong2008bpmn,
  author = {Peter Y. Wong and Jeremy Gibbons},
  title = {A Process Semantics for {BPMN}},
  booktitle = {Proceedings of the 10th International Conference on Formal Methods and Software Engineering},
  series = {ICFEM '08},
  year = {2008},
  pages = {355--374},
  publisher = {Springer-Verlag},
  address = {Berlin, Heidelberg},
}

@TechReport{allweyer2009kollaborationen,
  author = {Thomas Allweyer},
  title = {{Kollaborationen, Choreographien und Konversationen in BPMN 2.0 -- Erweiterte Konzepte zur Modellierung \"ubergreifender Gesch\"aftsprozesse}},
  institution = {Fachhochschule Kaiserslautern},
  year = {2009},
  month = {Juni},
}

%%  Petri-Netze  %%%%%%%%%%%%%%%%%%%%%%%%%%%%%%%%%%%%%%%%%%%%%%%%%%%%%%%%%%%%%%%

@PhdThesis{petri1962kommunikation,
  author = {Carl Adam Petri},
  title = {{Kommunikation mit Automaten}},
  school = {Bonn: Institut f\"ur Instrumentelle Mathematik},
  year = {1962},
}

@InProceedings{murata1989petrinets,
  author = {Tadao Murata},
  title = {Petri Nets: Properties, Analysis and Applications},
  booktitle = {Proceedings of the IEEE},
  year = {1989},
  pages = {541--580},
  month = {April},
}

%%  YAWL  %%%%%%%%%%%%%%%%%%%%%%%%%%%%%%%%%%%%%%%%%%%%%%%%%%%%%%%%%%%%%%%%%%%%%%

@Article{aalst2003yawl,
  author = {Wil M. P. van der Aalst and Arthur H. M. ter Hofstede},
  title = {{YAWL}: Yet Another Workflow Language},
  journal = {Information Systems},
  year = {2003},
  volume = {30},
  pages = {245--275},
}

@InProceedings{aalst2004yawl_impl,
  author = {Wil M. P. van der Aalst and L. Aldred and Marlon Dumas and Arthur H. M. ter Hofstede},
  title = {Design and implementation of the {YAWL} system},
  booktitle = {Proc. of CAiSE},
  year = {2004},
}

%%  EPK  %%%%%%%%%%%%%%%%%%%%%%%%%%%%%%%%%%%%%%%%%%%%%%%%%%%%%%%%%%%%%%%%%%%%%%%

@TechReport{keller1992epk,
  author = {G. Keller and M. N\"{u}ttgens and A.-W. Scheer},
  title = {{Semantische Proze\ss{}modellierung auf der Grundlage Ereignisgesteuerter Proze\ss{}ketten}},
  institution = {Universit\"{a}t des Saarlands, Saarbr\"{u}cken},
  year = {1992},
  number = {89},
  editor = {Prof. Dr. A.-W. Scheer},
}

@Booklet{aalst1998formalization,
  title = {Formalization and Verification of Event-driven Process Chains},
  author = {Wil M. P. van der Aalst},
  howpublished = {Computing Science Reports 98/01},
  address = {Eindhoven University of Technology, Eindhoven},
  year = {1998},
}

@InProceedings{ziemann2005epc-based,
  author = {J\"org Ziemann and Jan Mendling},
  title = {{EPC}-Based Modelling of {BPEL} Processes: a Pragmatic Transformation Approach},
  booktitle = {Proceedings of the 7th International Conference ``Modern Information Technology in the Innovation Processes of the Industrial Enterprises'' (MITIP)},
  year = {2005},
  address = {Genova, Italy},
  month = {September},
}


%%%%%%%%%%%%%%%%%%%%%%%%%%%%%%%%%%%%%%%%%%%%%%%%%%%%%%%%%%%%%%%%%%%%%%%%%%%%%%%%
%%  Workflow Patterns, Vergleich der Notationen                               %%
%%%%%%%%%%%%%%%%%%%%%%%%%%%%%%%%%%%%%%%%%%%%%%%%%%%%%%%%%%%%%%%%%%%%%%%%%%%%%%%%

@Article{aalst2003workflow,
  author = {Wil M. P. van der Aalst and Arthur H. M. ter Hofstede and Bartek Kiepuszewski and Alistair P. Barros},
  title = {Workflow Patterns},
  journal = {Distributed and Parallel Databases},
  year = {2003},
  volume = {14},
  pages = {5--51},
  number = {1},
  note = {Kluwer Academic Publishers. Hingham, MA, USA},
}

@TechReport{russell2006workflow,
  author = {Nick Russell and Arthur H. M. ter Hofstede and Wil M. P. van der Aalst and Nataliya Mulyar},
  title = {Workflow Control-Flow Patterns, A Revised View},
  institution = {Workflow Patterns Initiative},
  year = {2006},
}

%%  BPMN  %%%%%%%%%%%%%%%%%%%%%%%%%%%%%%%%%%%%%%%%%%%%%%%%%%%%%%%%%%%%%%%%%%%%%%

@TechReport{white2004process,
  author = {Stephen A. White},
  title = {Process Modeling Notations and Workflow Patterns},
  institution = {IBM Corporation},
  year = {2004},
  month = {March},
}

@TechReport{wohed2005pattern-based_BPMN,
  author = {Petia Wohed and Wil M. P. van der Aalst and Marlon Dumas and Arthur H. M. ter Hofstede and Nick Russell},
  title = {Pattern-based Analysis of {BPMN}},
  institution = {BPMcenter.org},
  year = {2005},
  number = {BPM Report BPM-05-26},
}

@InProceedings{wohed2006bpmnEvalBpm,
  author = {Petia Wohed and Marlon Dumas and Arthur H. M. ter Hofstede and Nick Russell},
  title = {On the Suitability of {BPMN} for Business Process Modelling},
  booktitle = {Proceedings of the 4th International Conference on Business Process Management (BPM 2006)},
  year = {2006},
  pages = {161--176},
  publisher = {Springer Verlag},
  series = {LNCS}
}

%%  UML  %%%%%%%%%%%%%%%%%%%%%%%%%%%%%%%%%%%%%%%%%%%%%%%%%%%%%%%%%%%%%%%%%%%%%%%

@InProceedings{wohed2005pattern-based_UML,
  author = {Petia Wohed and Wil M. P. van der Aalst and Marlon Dumas and Arthur H. M. ter Hofstede and Nick Russell},
  title = {Pattern-Based Analysis of the Control-Flow Perspective of {UML} Activity Diagrams},
  booktitle = {ER},
  year = {2005},
  editor = {Lois M. L. Delcambre and Christian Kop and Heinrich C. Mayr and John Mylopoulos and Oscar Pastor},
  volume = {3716},
  series = {Lecture Notes in Computer Science},
  pages = {63--78},
  publisher = {Springer},
}

@InProceedings{russell2006umlEvalBpm,
  author = {Nick Russell and Wil M. P. van der Aalst and Arthur H. M. ter Hofstede and Petia Wohed},
  title = {On the Suitability of {UML} 2.0 Activity Diagrams for Business Process Modelling},
  booktitle = {APCCM '06: Proceedings of the 3rd Asia-Pacific conference on Conceptual modelling},
  year = {2006},
  pages = {95--104},
  address = {Darlinghurst, Australia, Australia},
  publisher = {Australian Computer Society, Inc.},
}

%%  andere  %%%%%%%%%%%%%%%%%%%%%%%%%%%%%%%%%%%%%%%%%%%%%%%%%%%%%%%%%%%%%%%%%%%%

@InProceedings{mendling2005patterns_epc,
  author = {Jan Mendling and Gustaf Neumann and Markus N\"uttgens},
  title = {Towards Workflow Pattern Support of Event-Driven Process Chains ({EPC})},
  booktitle = {Proceedings of the 2nd Workshop XML4BPM},
  year = {2005},
  pages = {23--38},
}

@InProceedings{recker2006translation,
  author = {Jan C. Recker and Jan Mendling},
  title = {On the Translation between {BPMN} and {BPEL}: Conceptual Mismatch between Process Modeling Languages},
  booktitle = {CAiSE 2006 Workshop Proceedings -- 11th International Workshop
    on Exploring Modeling Methods in Systems Analysis and Design (EMMSAD 2006)},
  year = {2006},
  editor = {T. Latour and M. Petit},
  pages = {521--532},
}

@InProceedings{figl2009usability,
  author = {Kathrin Figl and Jan Mendling and Mark Strembeck},
  title = {Towards a Usability Assessment of Process Modeling Languages},
  booktitle = {Proceedings of the 8th Workshop Gesch\"aftsprozessmanagement mit Ereignisgesteuerten Prozessketten (EPK 2009)},
  year = {2009},
  editor = {M. N\"uttgens and F. Rump and J. Mendling and N. Gehrke},
  volume = {554},
  series = {CEUR Workshop Proceedings},
  pages = {118--136},
  address = {Berlin, Germany},
  month = {26-27 November}
}



%%%%%%%%%%%%%%%%%%%%%%%%%%%%%%%%%%%%%%%%%%%%%%%%%%%%%%%%%%%%%%%%%%%%%%%%%%%%%%%%
%%                                                                            %%
%%  RELATED WORK                                                              %%
%%                                                                            %%
%%%%%%%%%%%%%%%%%%%%%%%%%%%%%%%%%%%%%%%%%%%%%%%%%%%%%%%%%%%%%%%%%%%%%%%%%%%%%%%%

@InCollection{walton2006uniting,
  author = {Christopher D. Walton},
  title = {Uniting Agents and Web Services},
  booktitle = {Agentlink News, volume 18},
  publisher = {AgentLink},
  year = {2005},
  pages = {26--28},
}

@InProceedings{dickinson2005agents,
  author = {Ian Dickinson and Michael Wooldridge},
  title = {Agents Are Not (Just) Web Services: Considering {BDI} Agents and Web Services},
  booktitle = {Proceedings of the 2005 Workshop on Service-Oriented Computing and Agent-Based Engineering (SOCABE)},
  note = {Utrecht, The Netherlands},
  year = {2005},
  month = {July},
}

@Article{greenwood2004engineering,
  author = {Dominic Greenwood and Monique Calisti},
  title = {Engineering Web Service - Agent Integration},
  journal = {2004 IEEE International Conference on Systems, Man and Cybernetics},
  year = {2004},
  volume = {2},
  pages = {1918--1925},
}


%%%%%%%%%%%%%%%%%%%%%%%%%%%%%%%%%%%%%%%%%%%%%%%%%%%%%%%%%%%%%%%%%%%%%%%%%%%%%%%%
%%  APMS                                                                      %%
%%%%%%%%%%%%%%%%%%%%%%%%%%%%%%%%%%%%%%%%%%%%%%%%%%%%%%%%%%%%%%%%%%%%%%%%%%%%%%%%

@Article{singh1999multiagent,
  author = {Munindar P. Singh and Michael N. Huhns},
  title = {Multiagent Systems for Workflow},
  journal = {International Journal of Intelligent Systems in Accounting, Finance and Management},
  year = {1999},
  volume = {8},
  pages = {105--117},
}

@Article{vidal2004masWf,
  author = {Jos\'{e} M. Vidal and Paul A. Buhler and Christian Stahl},
  title = {Multiagent Systems with Workflows},
  journal = {{IEEE} Internet Computing},
  year = {2004},
  volume = {8},
  pages = {76--82},
  number = {1},
  month = {January/February},
}

@InProceedings{buhler2003adaptive,
  author = {Paul A. Buhler and Jos\'{e} M. Vidal and Harko Verhagen},
  title = {Adaptive Workflow = Web Services + Agents},
  booktitle = {Proceedings of the International Conference on Web Services},
  year = 2003,
  publisher = {CSREA Press},
  pages = {131--137},
}

@Article{buhler2005towards,
 author = {Paul A. Buhler and Jos\'{e} M. Vidal},
 title = {Towards Adaptive Workflow Enactment Using Multiagent Systems},
 journal = {Inf. Technol. and Management},
 year = {2005},
 volume = {6},
 pages = {61--87},
 month = {January},
 note = {Kluwer Academic Publishers, Hingham, MA, USA},
} 

@InProceedings{poggi2007agent-based,
  author = {Agostino Poggi and Michele Tomaiuolo and Paola Turci},
  title = {An Agent-Based Service Oriented Architecture},
  booktitle = {8th AI*IA/TABOO Joint Workshop ``From Objects to Agents'': Agents and Industry: Technological Applications of Software Agents (WOA)},
  month = {September},
  year = {2007},
  pages = {157--165},
  editor = {Matteo Baldoni and Antonio Boccalatte and Flavio De Paoli and Maurizio Martelli and Viviana Mascardi},
  address = {Genova, Italy},
}

%	Misc{zhao2004masForEBus,
%	  author = {Xiniyu Zhao and Cen Wu and Runjie Zhang and Chen Zhao and Zuoquan Lin},
%	  title = {A Multi-Agent System for E-Business Processes Monitoring in a Web-Based Environment},
%	  howpublished = {ICEB, pp. 470-475, ICEB},
%	  year = {2004},
%	}


%%  Whitestein  %%%%%%%%%%%%%%%%%%%%%%%%%%%%%%%%%%%%%%%%%%%%%%%%%%%%%%%%%%%%%%%%

@InProceedings{calisti2008goaloriented,
  author = {Monique Calisti and Dominic Greenwood},
  title = {Goal-oriented Autonomic Process Modeling and Execution for Next Generation Networks},
  booktitle = {3rd IEEE International Workshop on Modelling Autonomic Communications Environments (MACE)},
  year = {2008},
  publisher = {Springer},
}

@InProceedings{burmeister2006agile,
  author = {Birgit Burmeister and Hans-Peter Steiert and Thomas Bauer and Hartwig Baumg\"{a}rtel},
  title = {Agile Processes Through Goal- and Context-Oriented Business Process Modeling},
  booktitle = {Business Process Management Workshops},
  year = {2006},
  editor = {Johann Eder and Schahram Dustdar},
  volume = {4103},
  series = {Lecture Notes in Computer Science},
  pages = {217--228},
  publisher = {Springer},
}

@InProceedings{burmeister2008bdiagents,
  author = {Birgit Burmeister and M. Arnold and Felicia Copaciu and Giovanni Rimassa},
  title = {{BDI}-Agents for Agile Goal-Oriented Business Processes},
  booktitle = {Proc. of 7th Int. Conf. on Autonomous Agents and Multiagent Systems (AAMAS 2008)},
  year = {2008},
  pages = {37--44},
  address = {Richland, SC},
  publisher = {International Foundation for Autonomous Agents and Multiagent Systems},
}

@InProceedings{rimassa2006lsts,
  author = {Giovanni Rimassa and Dominic Greenwood and Martin E. Kernland},
  title = {The Living Systems Technology Suite: An Autonomous Middleware for Autonomic Computing},
  booktitle = {International Conference on Autonomic and Autonomous Systems (ICAS)},
  year = {2006},
  month = {July},
  pages = {33--38},
}

@InProceedings{greenwood2007autonomic,
  author = {Dominic Greenwood and Giovanni Rimassa},
  title = {Autonomic Goal-Oriented Business Process Management},
  booktitle = {3rd International Conference on Autonomic and Autonomous Systems (ICAS)},
  year = {2007},
}


%%  ADEPT (Jennings et al.) %%%%%%%%%%%%%%%%%%%%%%%%%%%%%%%%%%%%%%%%%%%%%%%%%%%%

@InProceedings{alty1994adept,
  author = {J. L. Alty and F. Griffiths and Nicholas R. Jennings and E. H. Mamdani and A. Struthers and Mark E. Wiegand},
  title = {{ADEPT} -- Advanced Decision Environment for Process Tasks: Overview \& Architecture},
  booktitle = {Proc. BCS Expert Systems 96 Conferenc},
  year = {1994},
  pages = {5--23},
  publisher = {Agentlink Clearinghouse [http://eprints.agentlink.org/perl/oai2] (United Kingdom)},
}

@InProceedings{jennings1996using,
  author = {Nicholas R. Jennings and Peyman Faratin and M. J. Johnson and Mark E. Wiegand},
  title = {Using Intelligent Agents to Manage Business Processes},
  booktitle = {1st Int. Conf. on The Practical Application of Intelligent Agents and Multi-Agent Technology},
  year = {1996},
  pages = {345--360},
}

@Article{jennings2000autonomous,
  author = {Nicholas R. Jennings and Timothy J. Norman and Peyman Faratin and B. Odgers},
  title = {Autonomous Agents for Business Process Management},
  journal = {Journal of Applied Artificial Intelligence},
  year = {2000},
  volume = {14},
  pages = {145--189},
}

@InProceedings{norman1997designing,
  author = {Timothy J. Norman and Nicholas R. Jennings and Peyman Faratin and E. H. Mamdani},
  title = {Designing and Implementing a Multi-Agent Architecture for Business Process Management},
  booktitle = {Intelligent Agents III},
  year = {1997},
  pages = {261--275},
  publisher = {Springer-Verlag},
}

@InProceedings{obrien1997Agents,
  author = {Paul D. O'Brien and Mark E. Wiegand},
  title = {Agents of Change in Business Process Management},
  booktitle = {Software Agents and Soft Computing: Towards Enhancing Machine Intelligence},
  year = {1997},
  editor = {H.S. Nwana and N. Azarmi},
  publisher = {Springer-Verlag},
}

@Article{obrien1998Agent,
  author = {Paul D. O'Brien and Mark E. Wiegand},
  title = {Agent Based Process Management: Applying Intelligent Agents to Workflow},
  journal = {The Knowledge Engineering Review},
  year = {1998},
  volume = {13},
  pages = {1--14},
  number = {2},
}


%%  ADEPT (Reichert et al.) %%%%%%%%%%%%%%%%%%%%%%%%%%%%%%%%%%%%%%%%%%%%%%%%%%%%

%	Article{dadam2009aristaflow,
%	  author = { Peter Dadam and Manfred Reichert and Rinderle-Ma Stefanie and Kevin Goesser and Ulrich Kreher and Martin Jurisch},
%	  title = {{Von ADEPT zur AristaFlow BPM Suite -- Eine Vision wird Realit{\"a}t: `"Correctness by Construction'" und flexible, robuste Ausf{\"u}hrung von Unternehmensprozessen}},
%	  journal = {EMISA Forum},
%	  year = {2009},
%	  volume = {29},
%	  pages = {9--28},
%	  number = {1},
%	  month = {January},
%	  note = {Koellen-Verlag},
%	}


%%%%%%%%%%%%%%%%%%%%%%%%%%%%%%%%%%%%%%%%%%%%%%%%%%%%%%%%%%%%%%%%%%%%%%%%%%%%%%%%
%%  Transformationen                                                          %%
%%%%%%%%%%%%%%%%%%%%%%%%%%%%%%%%%%%%%%%%%%%%%%%%%%%%%%%%%%%%%%%%%%%%%%%%%%%%%%%%

@Article{cysneiros2004addressing,
  author = {Luiz Marcio Cysneiros and Eric Yu},
  title = {Addressing Agent Autonomy in Business Process Management -- with Case Studies on the Patient Discharge Process},
  journal = {Proceedings of the 2004 Information Resources Management Association Conference},
  year = {2004},
  volume = {1},
}

@InProceedings{burger2004business,
  author = {Yun-Heh Chen-Burger and Dave Robertson and Li Guo},
  title = {Business Process Model Based Multi-Agent System Development},
  booktitle = {The 2nd Workshop On Collaboration Agents: Autonomous Agents for Collaborative Environments},
  year = {2004},
  editor = {Li Guo},
  pages = {11--19},
  month = {September},
}

@Article{guo2008using,
  author = {Li Guo and David Robertson and Yun-Heh Chen-Burger},
  title = {Using multi-agent platform for pure decentralised business workflows},
  journal = {Web Intelligence and Agent Systems},
  year = 2008,
  number = 3,
  pages = {295--311},
  volume = 6,
}

@Article{mascardi2006intelligent,
  author = {Viviana Mascardi and Giovanni Casella},
  title = {Intelligent Agents that Reason about Web Services: a Logic Programming Approach},
  journal = {Proceedings of the ICLP'06 Workshop Workshop on Applications of Logic Programming in the Semantic Web and Semantic Web Services (ALPSWS 2006)},
  year = {2006},
  volume = {196},
  pages = {55--70},
}

@TechReport{casella2006auml,
  author = {Giovanni Casella and Viviana Mascardi},
  title = {From {AUML} to {WS-BPEL}},
  institution = {Dipartimento di Informatica e Scienze dell'Informatione, Universit{\`a} di Genova},
  year = {2006},
  type = {Technical Report},
  number = {DISI-TR-06-01},
}

%%  WADE  %%%%%%%%%%%%%%%%%%%%%%%%%%%%%%%%%%%%%%%%%%%%%%%%%%%%%%%%%%%%%%%%%%%%%%

@InProceedings{caire2008wade,
  author = {Giovanni Caire and Danilo Gotta and Massimo Banzi},
  title = {{WADE}: A software platform to develop mission critical applications exploiting agents and workflows},
  booktitle = {Proc. of 7th Int. Conf. on Autonomous Agents and Multiagent Systems (AAMAS 2008) -- Industry and Applications Track},
  year = {2008},
  editor = {Michael Berger and Bernard Burg and Satoshi Nishiyama},
  pages = {29--36},
  month = {May},
}

@InProceedings{caire2008wolf,
  author = {Giovanni Caire and E. Quarantotto and M. Porta and G. Sacchi},
  title = {{WOLF} -- An Eclipse Plug-in for {WADE}},
  booktitle = {Proceedings of the ACEC 2008},
  year = {2008},
}

@Manual{caire2010wade,
	author = {Giovanni Caire},
	title = {{WADE} User Guide, Version 2.6},
	organization = {Telecom Italia},
	year = {2010},
	month = {July},
	note = {\url{http://jade.tilab.com/wade/doc/WADE-User-Guide.pdf}},
}


%%%%%%%%%%%%%%%%%%%%%%%%%%%%%%%%%%%%%%%%%%%%%%%%%%%%%%%%%%%%%%%%%%%%%%%%%%%%%%%%
%%  Modelle und Methodologien                                                 %%
%%%%%%%%%%%%%%%%%%%%%%%%%%%%%%%%%%%%%%%%%%%%%%%%%%%%%%%%%%%%%%%%%%%%%%%%%%%%%%%%


@Book{winikoff2004prometheus,
  title = {Developing Intelligent Agent Systems: A Practical Guide},
  publisher = {Wiley and Sons},
  year = {2004},
  author = {Michael Winikoff and Lin Padgham},
}

@Article{zambonelli2003gaia,
  author = {Franco Zambonelli and Nicholas R. Jennings and Michael Wooldridge},
  title = {Developing Multiagent Systems: The Gaia Methodology},
  journal = {ACM Transactions on Software Engineering and Methodology},
  year = {2003},
  volume = {12},
  pages = {317--370},
  number = {3},
  month = {July},
}

@InCollection{padgham2008unified,
 author = {Lin Padgham and Michael Winikoff and Scott Deloach and Massimo Cossentino},
 title = {A Unified Graphical Notation for {AOSE}},
 booktitle = {Agent-Oriented Software Engineering IX},
 editor = {Michael Luck and Jorge J. Gomez-Sanz},
 year = {2009},
 pages = {116--130},
 publisher = {Springer-Verlag},
 address = {Berlin, Heidelberg},
}

@InProceedings{buhr1998highlevel,
  author = {R. J. A. Buhr and M. Elammari and T. Gray and S. Mankovski},
  title = {A High Level Visual Notation for Understanding and Designing Collaborative, Adaptive Behaviour in Multiagent Systems},
  year={1998},
  booktitle={Proceedings of the 31st Hawaii International Conference on System Sciences (HICSS'98)},
  volume={6},
  pages={180--190},
}

%%  FIPA, Agent UML  %%%%%%%%%%%%%%%%%%%%%%%%%%%%%%%%%%%%%%%%%%%%%%%%%%%%%%%%%%%

@InProceedings{odell2000auml,
  author = {James Odell and H. Van Dyke Parunak and Bernhard Bauer},
  title = {Extending {UML} for Agents},
  booktitle = {Proceedings of the Agent-Oriented Information Systems Workshop at the 17th National Conference on Artificial Intelligence},
  year = {2000},
  editor = {G. Wagner and Y. Lesperance and E. Yu},
  pages = {3--17},
}

@InProceedings{bauer2001auml,
  author = {Bernhard Bauer and J\"org P. M\"uller and James Odell},
  title = {Agent {UML}: A Formalism for Specifying Multiagent Software Systems},
  booktitle = {Agent-Oriented Software Engineering, First International Workshop, {AOSE} 2000, Revised Papers},
  year = {2001},
  editor = {P. Ciancarini and M. Wooldridge},
  volume = {1957},
  series = {LNCS},
  pages = {91--104},
  publisher = {Springer-Verlag},
}

@Article{huget2004auml,
 author = {Marc-Philippe Huget},
 title = {Agent {UML} Notation for Multiagent System Design},
 journal = {IEEE Internet Computing},
 volume = {8},
 month = {July},
 year = {2004},
 pages = {63--71},
 note = {IEEE Educational Activities Department, Piscataway, NJ, USA},
} 


%%  Whitestein: AML, ADEM  %%%%%%%%%%%%%%%%%%%%%%%%%%%%%%%%%%%%%%%%%%%%%%%%%%%%%

@Article{trencansky2005aml,
  author = {Ivan Trencansky and Radovan Cervenka},
  title = {Agent Modeling Language ({AML}): A Comprehensive Approach to Modeling {MAS}},
  journal = {Informatica},
  year = {2005},
  volume = {29},
  pages = {391--400},
}

@TechReport{cervenka2005adem,
  author = {Radovan Cervenka and Ivan Trencansky},
  title = {Agent-Oriented Development Methodology {(ADEM)}},
  institution = {Whitestein Technologies},
  year = {2005},
  month = {February},
}

@Book{cervenka2007aml,
  title = {The Agent Modeling Language -- {AML}.  A Comprehensive Approach to Modeling Multi-Agent Systems},
  publisher = {Birkh\"{a}user Basel},
  year = {2007},
  author = {Radovan Cervenka and Ivan Trencansky},
  series = {Whitestein Series in Software Agent Technologies and Autonomic Computing},
}


%%  Fischer / DFKI: PIM4Agents  %%%%%%%%%%%%%%%%%%%%%%%%%%%%%%%%%%%%%%%%%%%%%%%%

@InProceedings{hahn2006metamodels,
  author = {Christian Hahn and Cristi{\'a}n Madrigal Mora and Klaus Fischer and Brian Elvesaeter and Arne-Jorgen Berre and Ingo Zinnikus},
  title = {Meta-models, Models, and Model Transformations: Towards Interoperable Agents},
  booktitle = {Multiagent System Technologies},
  year = {2006},
  volume = {4196/2006},
  series = {Lecture Notes in Computer Science},
  pages = {123--134},
  publisher = {Springer Berlin / Heidelberg},
}

@InProceedings{zinnikus2008modeldriven,
  author = {Ingo Zinnikus and Christian Hahn and Klaus Fischer},
  title = {A Model-driven, Agent-based Approach for the Integration of Services into a Collaborative Business Process},
  booktitle = {Proc. of 7th Int. Conf. on Autonomous Agents and Multiagent Systems (AAMAS 2008)},
  year = {2008},
  editor = {Pagham and Parkes and M\"uller and Parsons},
  pages = {241--248},
  address = {Estoril, Portugal},
  month = {May 12-16th 2008},
}

@InProceedings{hahn2008domain,
  author = {Christian Hahn},
  title = {A Domain Specific Modeling Language for Multiagent Systems},
  booktitle = {Proc. of 7th Int. Conf. on Autonomous Agents and Multiagent Systems (AAMAS 2008)},
  year = {2008},
  editor = {Pagham and Parkes and M\"uller and Parsons},
  pages = {233--240},
  address = {Estoril, Portugal},
  month = {May 12-16th 2008},
}

@Article{hahn2009platform,
  author = {Christian Hahn and Cristi{\'a}n Madrigal Mora and Klaus Fischer},
  title = {A Platform-Independent Metamodel for Multiagent Systems},
  journal = {Autonomous Agents and Multi-Agent Systems},
  year = {2009},
  volume = {18},
  pages = {239--266},
  number = {2},
  month = {4},
  note = {Springer Netherlands},
}

@InProceedings{warwas2009visual,
  author = {Stefan Warwas and Christian Hahn and Klaus Fischer},
  title = {A Visual Development Environment for {JADE}},
  booktitle = {Proc. of 8th Int. Conf. on Autonomous Agents and Multiagent Systems (AAMAS 2009)},
  year = {2009},
  editor = {Decker; Sichman; Sierra; Castelfranchi},
  pages = {1349--1350},
}



%%%%%%%%%%%%%%%%%%%%%%%%%%%%%%%%%%%%%%%%%%%%%%%%%%%%%%%%%%%%%%%%%%%%%%%%%%%%%%%%
%%                                                                            %%
%%  SONSTIGES                                                                 %%
%%                                                                            %%
%%%%%%%%%%%%%%%%%%%%%%%%%%%%%%%%%%%%%%%%%%%%%%%%%%%%%%%%%%%%%%%%%%%%%%%%%%%%%%%%

@Book{searle1969speechacts,
  title = {Speech Acts: An Essay in the Philosophy of Language},
  publisher = {Cambridge University Press},
  year = {1969},
  author = {John R. Searle},
}

@Article{gamma1993design,
  author = {Erich Gamma and Richard Helm and Ralph Johnson and John Vlissides},
  title = {Design Patterns: Abstraction and Reuse of Object-Oriented Design},
  journal = {Lecture Notes in Computer Science},
  year = {1993},
  volume = {707},
  pages = {406--431},
}

@InProceedings{heckel2006graph,
  author = {Reiko Heckel},
  title = {Graph Transformation in a Nutshell},
  booktitle = {Proceedings of the School on Foundations of Visual Modelling Techniques (FoVMT 2004) of the SegraVis Research Training Network},
  year = {2006},
  volume = {148},
  series = {Electronic Notes in Theoretical Computer Science},
  pages = {187--198},
  publisher = {Elsevier},
}

@Article{dijkstra1968goto,
 author = {Edsger W. Dijkstra},
 title = {{Go To} statement considered harmful},
 year = {1968},
 journal = {Comm. ACM},
 volume = {11},
 number = {3},
 pages = {147--148},
 note = {letter to the Editor}
}

@Article{rumbaugh1996notation,
  author = {James E. Rumbaugh},
  title = {Notation Notes: Principles for Choosing Notation},
  journal = {Journal of Object Oriented Programming},
  pages = {11--14},
  year = {1996},
  volume = {9},
  number = {2},
}
		

%%%%%%%%%%%%%%%%%%%%%%%%%%%%%%%%%%%%%%%%%%%%%%%%%%%%%%%%%%%%%%%%%%%%%%%%%%%%%%%%
%%  Spezifikationen                                                           %%
%%%%%%%%%%%%%%%%%%%%%%%%%%%%%%%%%%%%%%%%%%%%%%%%%%%%%%%%%%%%%%%%%%%%%%%%%%%%%%%%

@TechReport{omg2003mda,
  author = {{Object Management Group}},
  title = {{MDA} Guide Version 1.0.1},
  institution = {{Object Management Group}},
  editor = {Joaquin Miller and Jishnu Mukerji},
  year = {2003},
  month = {June},
  number = {omg/2003-06-01}
}

@TechReport{omg2010uml,
	author = {{Object Management Group}},
	title = {Unified Modeling Language ({UML}) Version 2.3},
	institution = {{Object Management Group}},
	type = {Superstructure Specification},
	year = {2010},
	month = {May},
	number = {formal/2010-05-05},
}

@TechReport{omg2009bpmn,
	author = {{Object Management Group}},
	title = {Business Process Modeling Notation ({BPMN}) Version 1.2},
	institution = {{Object Management Group}},
	type = {Specification},
	year = {2009},
	month = {January},
	number = {formal/2009-01-03},
}

@TechReport{omg2011bpmn2,
	author = {{Object Management Group}},
	title = {Business Process Model and Notation ({BPMN}) Version 2.0},
	institution = {{Object Management Group}},
	type = {Specification},
	year = {2011},
	month = {August},
	number = {formal/2011-01-03},
}

@TechReport{omg2006osm,
	author = {{Object Management Group}},
	title = {Organization Structure Metamodel ({OSM}) Version 0.5},
	institution = {{Object Management Group}},
	year = {2006},
	month = {November},
	number = {bmi/2006-11-02},
}

@TechReport{omg2008sbvr,
	author = {{Object Management Group}},
	title = {Semantics of Business Vocabulary and Business Rules ({SBVR}) Version 1.0},
	institution = {{Object Management Group}},
	year = {2008},
	month = {January},
	number = {dtc/06-03-01},
}

@TechReport{omg2008bmm,
	author = {{Object Management Group}},
	title = {Business Motivation Model ({BMM}) Version 1.0},
	institution = {{Object Management Group}},
	year = {2008},
	month = {August},
	number = {dtc/07-08-03},
}

@TechReport{oasis2007bpel,
  author = {{Oasis Committee}},
  title = {Web Services Business Process Execution Language (WS-BPEL) Version 2.0},
  institution = {Oasis},
  year = {2007},
}

@TechReport{w3c2001wsdl,
    author = {Erik Christensen and Francisco Curbera and Greg Meredith and Sanjiva Weerawarana},
    title = {Web Service Definition Language ({WSDL})},
    institution = {W3C},
    month = mar,
    year = {2001}
}

@TechReport{wfmc2005xpdl,
  author = {{Workflow Management Coalition}},
  title = {{WfMC}: Process Definition Language:  {XPDL} 2.0},
  institution = {WfMC},
  type = {Specification},
  year = 2005,
  number = {TC-1025},
}

@Misc{Martin2006owl1.1,
  author = {David Martin and Ralph Hodgson and Ian Horrocks and Prasad Yendluri},
  title = {{OWL} 1.1 Web Ontology Language},
  year = {2006},
  note = {\url{http://www.w3.org/Submission/2006/10/}},
}

@TechReport{fipa2003auml,
  author = {{FIPA}},
  title = {{FIPA} Modeling: Interaction Diagrams},
  institution = {Foundation for Intelligent Physical Agents},
  month = {july},
  year = {2003},
  note = {\url{http://www.auml.org/}},
  number = {03-07-02},
  editor = {Marc-Philippe Huget and Bernhard Bauer and Jim Odell and Renato Levy and Paola Turci and Radovan Cervenka and Hong Zhu}
}

