@INPROCEEDINGS{TKMLAH2010,
author = {Tobias K\"uster and Marco L\"utzenberger and Axel He\ss{}ler and Benjamin Hirsch},
title = {Integrating Process Modelling into Multi-Agent System Engineering},
booktitle = {Proceedings of the 5th Workshop of Service-Oriented Computing: Agents, Semantics, and Engineering (SOCASE) 2010},
year = {2010},
editor = {Michael Huhns and Ryszard Kowalczyk and Zakaria Maamar and Rainer Unland and Bao Vo}
}

@mastersthesis{TK07,
author = {Tobias K\"uster},
title = {Development of a Visual Service Design Tool providing a mapping from {BPMN} to {JIAC}},
year = 2007,
school = {Technical University of Berlin, Faculty of Electrical Engineering and Computer Science},
type = {Master's thesis},
}

@INPROCEEDINGS{TKAH08,
author = {Tobias K{\"u}ster and Axel He\"sler},
title = {Towards Transformations from {BPMN} to Heterogeneous Systems},
booktitle = {BPM2008 Workshop Proceedings},
year = {2008},
editor = {Massima Mecella and Jian Yang},
keywords = {BPMN, software tools},
owner = {kuester},
timestamp = {2008.07.07}
}

@MISC{JIACWEB,
	author = {JIAC Homepage},
  title = {\url{http://jiac.de/?id=35}}
}

@MISC{VSDTWEB,
	author = {VSDT Homepage},
  title = {\url{http://jiac.de/?id=30}}
}

@MISC{BPMN2,
	author = {Object Management Group},
  title = {BPMN Specification v2.0},
  howpublished = {\url{http://www.omg.org/spec/BPMN/2.0/}}
}


@article{FBGCAPGR08,
 author = {Bellifemine, Fabio and Caire, Giovanni and Poggi, Agostino and Rimassa, Giovanni},
 title = {JADE: A software framework for developing multi-agent applications. Lessons learned},
 journal = {Inf. Softw. Technol.},
 volume = {50},
 issue = {1-2},
 month = {January},
 year = {2008},
 issn = {0950-5849},
 pages = {10--21},
 numpages = {12},
 url = {http://portal.acm.org/citation.cfm?id=1324618.1324706},
 doi = {10.1016/j.infsof.2007.10.008},
 acmid = {1324706},
 publisher = {Butterworth-Heinemann},
 address = {Newton, MA, USA},
 keywords = {Agent technology, Distributed systems, Open source software},
} 


@InProceedings{FBAPGR99,
  author =	 {Fabio Bellifemine and Agostino Poggi and Giovanni
                  Rimassa},
  title =	 {{JADE} - A {FIPA}-compliant agent framework },
  googleid =	 {6uFVslgyH9oJ:scholar.google.com/},
  booktitle =	 {Proceedings of the Practical Applications of
                  Intelligent Agents},
  year =	 1999,
  keywords =	 {agent architecture},
  url =		 {http://jmvidal.cse.sc.edu/library/jade.pdf},
  cluster = 	 {15717336581076804074}
}
@MISC{JADEWEB,
	author = {JADE Homepage},
  title = {\url{http://jade.tilab.com/index.html}}
}

@MISC{WADEWEB,
	author = {WADE Homepage},
  title = {\url{http://jade.tilab.com/wade/index.html}}
}

@Manual{JIACMAN10,
	organization = {CC ACT, DAI-Labor, TU-Berlin},
	title  = {JIAC - Java Intelligent Agent Componentware},
	note = {Version 5.1.0 Manual},
	year = {2010},
	month = {06}
}

@Manual{GCWADEUG10,
	author = {Giovanni Caire (Telecom Italia S.p.A)},
	organization = {Copyright \copyright 2010, Telecom Italia},
	title  = {WADE User Guide},
	year = {2010},
	month = {July}
}

@MISC{JETWEB,
	author = {JET},
  title = {\url{http://www.eclipse.org/modeling/m2t/?project=jet#jet}}
}

@MISC{EMPWEB,
	author = {Eclipse Modelling Project Homepage},
  title = {\url{http://www.eclipse.org/modeling/}}
}

@incollection {BHTKAH09,
   author = {Hirsch, Benjamin and Konnerth, Thomas and Heßler, Axel},
   affiliation = {DAI Labor, Technische Universität Berlin, Berlin, Germany},
   title = {Merging Agents and Services — the JIAC Agent Platform},
   booktitle = {Multi-Agent Programming:},
   editor = {El Fallah Seghrouchni, Amal and Dix, Jürgen and Dastani, Mehdi and Bordini, Rafael H.},
   publisher = {Springer US},
   isbn = {978-0-387-89299-3},
   keyword = {Computer Science},
   pages = {159-185},
   url = {http://dx.doi.org/10.1007/978-0-387-89299-3\_5},
   note = {10.1007/978-0-387-89299-3\_5},
   year = {2009}
}

@inproceedings{GCDGMB08,
 author = {Caire, Giovanni and Gotta, Danilo and Banzi, Massimo},
 title = {WADE: a software platform to develop mission critical applications exploiting agents and workflows},
 booktitle = {Proceedings of the 7th international joint conference on Autonomous agents and multiagent systems: industrial track},
 series = {AAMAS '08},
 year = {2008},
 location = {Estoril, Portugal},
 pages = {29--36},
 numpages = {8},
 url = {http://portal.acm.org/citation.cfm?id=1402795.1402802},
 acmid = {1402802},
 publisher = {International Foundation for Autonomous Agents and Multiagent Systems},
 address = {Richland, SC},
 keywords = {JADE, OSS, XPDL, flexibility, open source, scalability, software agent, telecommunication network, workflow}
} 

@INPROCEEDINGS{jadl_basic,
author = {Thomas Konnerth and Benjamin Hirsch and Sahin Albayrak},
title = {{JADL} --- an Agent Description Language for Smart Agents},
booktitle = {Declarative Agent Languages and Technologies IV},
year = {2006},
editor = {Mateo Baldoni and Ulle Endriss},
volume = {4327},
series = {LNCS},
pages = {141--155},
publisher = {Springer Verlag},
doi = {10.1007/11961536_10},
url = {http://www.springerlink.com/content/eu8h101983312391/}
}