@Article{test,
	title = {{foo}},
	year = {1000 b.c.},
	journal = {blub},
	author = {bar}
}
